@article{bossen2012hevc,
  title={HEVC complexity and implementation analysis},
  author={Bossen, Frank and Bross, Benjamin and Suhring, Karsten and Flynn, David},
  journal={IEEE Transactions on Circuits and Systems for Video Technology},
  volume={22},
  number={12},
  pages={1685--1696},
  year={2012},
  publisher={IEEE}
}

@article{Sullivan2012,
  title={Overview of the high efficiency video coding (HEVC) standard},
  author={Sullivan, Gary J and Ohm, Jens-Rainer and Han, Woo-Jin and Wiegand, Thomas},
  journal={IEEE Transactions on circuits and systems for video technology},
  volume={22},
  number={12},
  pages={1649--1668},
  year={2012},
  publisher={IEEE}
}

@article{ohm2012comparison,
  title={Comparison of the coding efficiency of video coding standardsâ€”including high efficiency video coding (HEVC)},
  author={Ohm, Jens-Rainer and Sullivan, Gary J and Schwarz, Heiko and Tan, Thiow Keng and Wiegand, Thomas},
  journal={IEEE Transactions on circuits and systems for video technology},
  volume={22},
  number={12},
  pages={1669--1684},
  year=2012,
  publisher={IEEE}
}

@inproceedings{huangyuan2014performance,
  title={Performance evaluation of h. 265/mpeg-hevc encoders for 4k video sequences},
  author={Huangyuan, Qingxiong and Song, Li and Luo, Zhengyi and Wang, Xiangwen and Zhao, Yanan},
  booktitle={Signal and Information Processing Association Annual Summit and Conference (APSIPA), 2014 Asia-Pacific},
  pages={1--8},
  year={2014},
  organization={IEEE}
}

@inproceedings{ma2018segment,
  title={A Segment Constraint ABR Algorithm for HEVC Encoder},
  author={Ma, Yue and Huang, Yan and Wang, Jia and Xie, Rong and Gu, Xiao and Song, Li},
  booktitle={2018 IEEE International Symposium on Broadband Multimedia Systems and Broadcasting (BMSB)},
  pages={1--5},
  year={2018},
  organization={IEEE}
}

@inproceedings{goswami2018adaptive,
  title={Adaptive Multi-Resolution Encoding for ABR Streaming},
  author={Goswami, Kalyan and Hariharan, Bhavna and Ramachandran, Pradeep and Giladi, Alex and Grois, Dan and Sampath, Kavitha and Matheswaran, Aruna and Mishra, Ashok Kumar and Pikus, Kevin},
  booktitle={2018 25th IEEE International Conference on Image Processing (ICIP)},
  pages={1008--1012},
  year={2018},
  organization={IEEE}
}

@article{li2017efficient,
  title={An efficient four-parameter affine motion model for video coding},
  author={Li, Li and Li, Houqiang and Liu, Dong and Li, Zhu and Yang, Haitao and Lin, Sixin and Chen, Huanbang and Wu, Feng},
  journal={IEEE Transactions on Circuits and Systems for Video Technology},
  volume={28},
  number={8},
  pages={1934--1948},
  year={2017},
  publisher={IEEE}
}

@inproceedings{jiang2013dynamically,
  title={Dynamically reconfigurable architecture system for time-varying image constraints (drastic) for hevc intra encoding},
  author={Jiang, Yuebing and Esakki, Gangadharan and Pattichis, Marios},
  booktitle={2013 Asilomar Conference on Signals, Systems and Computers},
  pages={1112--116},
  year={2013},
  organization={IEEE}
}

@article{esakki2014dynamic,
  title={Dynamic switching of GOP configurations in high efficiency video coding (HEVC) using relational databases for multi-objective optimization},
  author={Esakki, Gangadharan},
  year={2014}
}

@inproceedings{vrevrabek2014comparison,
  title={Comparison of compression efficiency between HEVC/H. 265 and VP9 based on subjective assessments},
  author={{\v{R}}e{\v{r}}{\'a}bek, Martin and Ebrahimi, Touradj},
  booktitle={Applications of Digital Image Processing XXXVII},
  volume={9217},
  pages={92170U},
  year={2014},
  organization={International Society for Optics and Photonics}
}

@inproceedings{kufa2015comparison,
  title={Comparison of H. 265 and VP9 coding efficiency for full HDTV and ultra HDTV applications},
  author={Kufa, Jan and Kratochvil, Tomas},
  booktitle={2015 25th International Conference Radioelektronika (RADIOELEKTRONIKA)},
  pages={168--171},
  year={2015},
  organization={IEEE}
}


@inproceedings{correa2013constrained,
  title={Constrained encoding structures for computational complexity scalability in HEVC},
  author={Correa, Guilherme and Assuncao, Pedro and da Silva Cruz, Luis A and Agostini, Luciano},
  booktitle={2013 Picture Coding Symposium (PCS)},
  pages={297--300},
  year={2013},
  organization={IEEE}
}

@article{mallikarachchi2016content,
  title={Content-adaptive feature-based CU size prediction for fast low-delay video encoding in HEVC},
  author={Mallikarachchi, Thanuja and Talagala, Dumidu S and Arachchi, Hemantha Kodikara and Fernando, Anil},
  journal={IEEE Transactions on Circuits and Systems for Video Technology},
  volume={28},
  number={3},
  pages={693--705},
  year={2016},
  publisher={IEEE}
}

@article{llamocca2012dynamically,
  title={A dynamically reconfigurable pixel processor system based on power/energy-performance-accuracy optimization},
  author={Llamocca, Daniel and Pattichis, Marios},
  journal={IEEE Transactions on Circuits and Systems for Video Technology},
  volume={23},
  number={3},
  pages={488--502},
  year={2012},
  publisher={IEEE}
}

@article{goswami2014early,
  title={Early coding unit--splitting termination algorithm for high efficiency video coding (HEVC)},
  author={Goswami, Kalyan and Kim, Byung-Gyu and Jun, Dongsan and Jung, Soon-Heung and Choi, Jin Soo},
  journal={Etri Journal},
  volume={36},
  number={3},
  pages={407--417},
  year={2014},
  publisher={Wiley Online Library}
}

@inproceedings{yin2015efficient,
  title={Efficient SAO coding algorithm for x265 encoder},
  author={Yin, Shibo and Zhang, Xiaoyun and Gao, Zhiyong},
  booktitle={2015 Visual Communications and Image Processing (VCIP)},
  pages={1--4},
  year={2015},
  organization={IEEE}
}

@inproceedings{ferreira2011efficient,
  title={Efficient scalable coding of video summaries using dynamic GOP structures},
  author={Ferreira, Lino and Cruz, Lu{\'\i}s and Assuncao, Pedro},
  booktitle={2011 IEEE EUROCON-International Conference on Computer as a Tool},
  pages={1--4},
  year={2011},
  organization={IEEE}
}

@article{sharabayko2014fast,
  title={Fast rate estimation for RDO mode decision in HEVC},
  author={Sharabayko, Maxim and Ponomarev, Oleg},
  journal={Entropy},
  volume={16},
  number={12},
  pages={6667--6685},
  year={2014},
  publisher={Multidisciplinary Digital Publishing Institute}
}

@article{esakki2014dynamic,
  title={Dynamic switching of GOP configurations in high efficiency video coding (HEVC) using relational databases for multi-objective optimization},
  author={Esakki, Gangadharan},
  year={2014}
}

@article{goswami2014early,
  title={Early coding unit--splitting termination algorithm for high efficiency video coding (HEVC)},
  author={Goswami, Kalyan and Kim, Byung-Gyu and Jun, Dongsan and Jung, Soon-Heung and Choi, Jin Soo},
  journal={Etri Journal},
  volume={36},
  number={3},
  pages={407--417},
  year={2014},
  publisher={Wiley Online Library}
}

@inproceedings{hanhart2012subjective,
  title={Subjective quality evaluation of the upcoming HEVC video compression standard},
  author={Hanhart, Philippe and Rerabek, Martin and De Simone, Francesca and Ebrahimi, Touradj},
  booktitle={Applications of digital image processing XXXV},
  volume={8499},
  pages={84990V},
  year={2012},
  organization={International Society for Optics and Photonics}
}

@inproceedings{herrou2016hdr,
  title={HDR video quality evaluation of HEVC and VP9 codecs},
  author={Herrou, Glenn and Hamidouche, Wassim and Ducloux, Xavier},
  booktitle={2016 Picture Coding Symposium (PCS)},
  pages={1--5},
  year={2016},
  organization={IEEE}
}

@article{lin2016hevc,
  title={HEVC early termination methods for optimal CU decision utilizing encoding residual information},
  author={Lin, Ting-Lan and Chou, Chi-Chan and Liu, Zhaoyi and Tung, Kun-Hsien},
  journal={Journal of Real-Time Image Processing},
  pages={1--17},
  year={2016},
  publisher={Springer}
}

@inproceedings{bross2013hevc,
  title={HEVC real-time decoding},
  author={Bross, Benjamin and Alvarez-Mesa, Mauricio and George, Valeri and Chi, Chi Ching and Mayer, Tobias and Juurlink, Ben and Schierl, Thomas},
  booktitle={Applications of Digital Image Processing XXXVI},
  volume={8856},
  pages={88561R},
  year={2013},
  organization={International Society for Optics and Photonics}
}

@techreport{tiwari2019accelerating,
  title={Accelerating x265 with Intel{\textregistered} Advanced Vector Extensions 512},
  author={Tiwari, Praveen Kumar and Menon, Vignesh V and Murugan, Jayashri and Chandrasekaran, Jayashree and Akisetty, Gopi Satykrishna and Ramachandran, Pradeep and Venkata, Sravanthi Kota and Bird, Christopher A and Cone, Kevin},
  year={2019},
  institution={Technical report, Intel, 05 2018. Online sources last accessed 16th January}
}

@article{lin2013motion,
  title={Motion vector coding in the HEVC standard},
  author={Lin, Jian-Liang and Chen, Yi-Wen and Huang, Yu-Wen and Lei, Shaw-Min},
  journal={IEEE Journal of selected topics in Signal Processing},
  volume={7},
  number={6},
  pages={957--968},
  year={2013},
  publisher={IEEE}
}

@article{liu2018optimize,
  title={Optimize x265 Rate Control: An Exploration of Lookahead in Frame Bit Allocation and Slice Type Decision},
  author={Liu, Zhenyu and Wang, Libo and Li, Xiaobo and Ji, Xiangyang},
  journal={IEEE Transactions on Image Processing},
  volume={28},
  number={5},
  pages={2558--2573},
  year={2018},
  doi={https://doi.org/10.1109/TIP.2018.2887200},
  publisher={IEEE}
}


@article{merritt2006x264,
  title={x264: A high performance H. 264/AVC encoder},
  author={Merritt, Loren and Vanam, Rahul},
  journal={CiteSeer},
  doi={http://neuron2.net/library/avc/overview_x264_v8_5.pdf},
  year={2006},
}

@inproceedings{perera2014qoe,
  title={QoE aware resource allocation for video communications over LTE based mobile networks},
  author={Perera, Ryan and Fernando, Anil and Mallikarachchi, Thanuja and Arachchi, Hemantha Kodikara and Pourazad, Mahsa},
  booktitle={10th International Conference on Heterogeneous Networking for Quality, Reliability, Security and Robustness},
  pages={63--69},
  year={2014},
  organization={IEEE}
}


@article{wang2013rate,
  title={Rate-GOP based rate control for high efficiency video coding},
  author={Wang, Shanshe and Ma, Siwei and Wang, Shiqi and Zhao, Debin and Gao, Wen},
  journal={IEEE Journal of selected topics in signal processing},
  volume={7},
  number={6},
  pages={1101--1111},
  year={2013},
  doi={https://doi.org/10.1109/JSTSP.2013.2272240},
  publisher={IEEE}
}

@article{antoniou2017real,
  title={Real-time adaptation to time-varying constraints for medical video communications},
  author={Antoniou, Zinonas C and Panayides, Andreas S and Pantzaris, Marios and Constantinides, Anthony G and Pattichis, Constantinos S and Pattichis, Marios S},
  journal={IEEE journal of biomedical and health informatics},
  volume={22},
  number={4},
  pages={1177--1188},
  year={2017},
  doi={https://doi.org/10.1109/JBHI.2017.2726180},
  publisher={IEEE}
}

@inproceedings{schroeder2015multi,
  title={Multi-rate encoding for HEVC-based adaptive HTTP streaming with multiple resolutions},
  author={Schroeder, Damien and Ilangovan, Adithyan and Steinbach, Eckehard},
  booktitle={2015 IEEE 17th International Workshop on Multimedia Signal Processing (MMSP)},
  pages={1--6},
  doi={https://doi.org/10.1109/MMSP.2015.7340822},
  year={2015},
  organization={IEEE}
}

@article{schroeder2016efficient,
  title={Efficient multi-rate video encoding for HEVC-based adaptive HTTP streaming},
  author={Schroeder, Damien and Ilangovan, Adithyan and Reisslein, Martin and Steinbach, Eckehard},
  journal={IEEE Transactions on Circuits and systems for Video Technology},
  volume={28},
  number={1},
  pages={143--157},
  year={2016},
  publisher={IEEE}
}

@inproceedings{yan2015seamless,
  title={Seamless switching of H. 265/HEVC-coded dash representations with open GOP prediction structure},
  author={Yan, Ye and Hannuksela, Miska M and Li, Houqiang},
  booktitle={2015 IEEE International Conference on Image Processing (ICIP)},
  pages={4121--4125},
  year={2015},
  organization={IEEE}
}

@inproceedings{Anatoliy2018,
  title={Multi-Codec DASH Dataset},
  author={Anatoliy Zabrovskiy, Christian Feldmann, Christian Timmerer},
  booktitle={2015 IEEE International Conference on Image Processing (ICIP)},
  doi={https://arxiv.org/abs/1803.06874},
  year={2018},
  organization={ACM MMSys18}
}

@inproceedings{seshadrinathan2010subjective,
  title={A subjective study to evaluate video quality assessment algorithms},
  author={Seshadrinathan, Kalpana and Soundararajan, Rajiv and Bovik, Alan C and Cormack, Lawrence K},
  booktitle={Human Vision and Electronic Imaging XV},
  volume={7527},
  pages={75270H},
  year={2010},
  organization={International Society for Optics and Photonics}
}

@article{seshadrinathan2010study,
  title={Study of subjective and objective quality assessment of video},
  author={Seshadrinathan, Kalpana and Soundararajan, Rajiv and Bovik, Alan Conrad and Cormack, Lawrence K},
  journal={IEEE transactions on Image Processing},
  volume={19},
  number={6},
  pages={1427--1441},
  year={2010},
  publisher={IEEE}
}

@inproceedings{jiang2012dynamically,
  title={Dynamically reconfigurable dct architectures based on bitrate, power, and image quality considerations},
  author={Jiang, Yuebing and Pattichis, Marios},
  booktitle={2012 19th IEEE International Conference on Image Processing},
  pages={2465--2468},
  year={2012},
  organization={IEEE}
}

@inproceedings{huangyuan2014performance,
  title={Performance evaluation of h. 265/mpeg-hevc encoders for 4k video sequences},
  author={Huangyuan, Qingxiong and Song, Li and Luo, Zhengyi and Wang, Xiangwen and Zhao, Yanan},
  booktitle={Signal and Information Processing Association Annual Summit and Conference (APSIPA), 2014 Asia-Pacific},
  pages={1--8},
  year={2014},
  organization={IEEE}
}

@article{esakki2014dynamic,
  title={Dynamic switching of GOP configurations in high efficiency video coding (HEVC) using relational databases for multi-objective optimization},
  author={Esakki, Gangadharan},
  year={2014}
}

@inproceedings{correa2013constrained,
  title={Constrained encoding structures for computational complexity scalability in HEVC},
  author={Correa, Guilherme and Assuncao, Pedro and da Silva Cruz, Luis A and Agostini, Luciano},
  booktitle={2013 Picture Coding Symposium (PCS)},
  pages={297--300},
  year={2013},
  organization={IEEE}
}

@article{llamocca2012dynamically,
  title={A dynamically reconfigurable pixel processor system based on power/energy-performance-accuracy optimization},
  author={Llamocca, Daniel and Pattichis, Marios},
  journal={IEEE Transactions on Circuits and Systems for Video Technology},
  volume={23},
  number={3},
  pages={488--502},
  year={2012},
  publisher={IEEE}
}

@inproceedings{ferreira2011efficient,
  title={Efficient scalable coding of video summaries using dynamic GOP structures},
  author={Ferreira, Lino and Cruz, Lu{\'\i}s and Assuncao, Pedro},
  booktitle={2011 IEEE EUROCON-International Conference on Computer as a Tool},
  pages={1--4},
  year={2011},
  organization={IEEE}
}

@article{esakki2014dynamic,
  title={Dynamic switching of GOP configurations in high efficiency video coding (HEVC) using relational databases for multi-objective optimization},
  author={Esakki, Gangadharan},
  year={2014}
}


@inproceedings{perera2014qoe,
  title={QoE aware resource allocation for video communications over LTE based mobile networks},
  author={Perera, Ryan and Fernando, Anil and Mallikarachchi, Thanuja and Arachchi, Hemantha Kodikara and Pourazad, Mahsa},
  booktitle={10th International Conference on Heterogeneous Networking for Quality, Reliability, Security and Robustness},
  pages={63--69},
  year={2014},
  organization={IEEE}
}



@inproceedings{seshadrinathan2010subjective,
  title={A subjective study to evaluate video quality assessment algorithms},
  author={Seshadrinathan, Kalpana and Soundararajan, Rajiv and Bovik, Alan C and Cormack, Lawrence K},
  booktitle={Human Vision and Electronic Imaging XV},
  volume={7527},
  pages={75270H},
  year={2010},
  organization={International Society for Optics and Photonics}
}

@article{seshadrinathan2010study,
  title={Study of subjective and objective quality assessment of video},
  author={Seshadrinathan, Kalpana and Soundararajan, Rajiv and Bovik, Alan Conrad and Cormack, Lawrence K},
  journal={IEEE transactions on Image Processing},
  volume={19},
  number={6},
  pages={1427--1441},
  year={2010},
  publisher={IEEE}
}


%THESIS



@PhdThesis{yuebing2014,
  author = {Yuebing Jiang},
  title = {Dynamically Reconfigurable Architectures for Time-Varying Image Constraints {DRASTIC} for Image and Video Compression},
  school = {The University of New Mexico},
  year = {2014},
  OPTkey = {},
  OPTtype = {},
  OPTaddress = {},
  OPTdoi = {},
  OPTmonth = {},
  OPTnote = {},
  OPTannote = {}
}

@phdthesis{Heithausen18,
  author    = {Cordula Heithausen},
  title     = {Coding of Higher Order Motion Parameters for Video Compression},
  school    = {{RWTH} Aachen University, Germany},
  year      = {2018},
  url       = {https://nbn-resolving.org/urn:nbn:de:101:1-201805203712},
  isbn      = {978-3-8440-5784-3},
  timestamp = {Wed, 12 Feb 2020 16:43:35 +0100},
  biburl    = {https://dblp.org/rec/phd/dnb/Heithausen18.bib},
  bibsource = {dblp computer science bibliography, https://dblp.org}
}


@phdthesis{mallikarachchi2017hevc,
  title={HEVC Encoder Optimization and Decoding Complexity-Aware Video Encoding},
  author={Thanuja Mallikarachchi},
  year={2017},
  url={http://epubs.surrey.ac.uk/id/eprint/841841},
  school={University of Surrey (United Kingdom)}
}

@MastersThesis{zong2016joint,
  title={Joint Control of Quality, Complexity, and Rate for HEVC Intra Mode},
  author={Cong, Zong},
  school={The University of New Mexico},
  year={2016},
}



%AV1-literature-review

@proceedings{dias_andre_2018,
  title        = {{An Overview of Recent Video Coding Developments in
                   MPEG and AOMEDIA}},
  year         = 2018,
  publisher    = {Zenodo},
  doi          = {10.5281/zenodo.1494930},
  url          = {https://doi.org/10.5281/zenodo.1494930}
}

@online{Perf_Netflix_Comps,
	author = {Joel Sole and Liwei Guo and Andrey Norkin and Mariana Afonso and Kyle Swanson},
	title = {Performance comparison of video coding standards: an adaptive streaming perspective},
	year = 2018,
	note = "",
  url= "https://netflixtechblog.com/performance-comparison-of-video-coding-standards-an-adaptive-streaming-perspective-d45d0183ca95",
	}

@online{Per-Title_Netflix,
	author = {Anne Aaron and Zhi Li and Megha Manohara and Jan De Cock and David Ronca},
	title = {Per-Title Encode Optimization},
	year = 2015,
	note = "\url{https://netflixtechblog.com/per-title-encode-optimization-7e99442b62a2}",
	urldate = {2015-12-14}
}

@online{BruteForce-Netflix,
	author = {Netflix Technology Blog},
	title = {Complexity In The Digital Supply Chain},
	year = 2012,
	note = "\url{https://netflixtechblog.com/complexity-in-the-digital-supply-chain-958384cbd70b}",
	urldate = {2012-12-17}
}

@online{Andrey_Netflix,
	author = {Andrey Norkin and Jan De Cock and Aditya Mavlankar and Anne Aaron},
	title = {More Efficient Mobile Encodes for Netflix Downloads},
	year = 2016,
	note = "",
  url = "https://netflixtechblog.com/more-efficient-mobile-encodes-for-netflix-downloads-625d7b082909",
}


@online{VMAF_Netflix,
	author = {Zhi Li},
	title = {Perceptual video quality assessment based on multi-method fusion},
	year = 2018,
	note = "\url{https://github.com/Netflix/vmaf}",
	}

  @online{Bitstreamanalyzer,
  	author = {Vicuesoft Bitstreamanalyzer},
  	title = {VVC and AV1 and HEVC/H.265 and VP9 and AVC/H.264 and MPEG2 VIDEO CODEC ANALYZER},
  	year = 2018,
  	note = "",
    url=" https://vicuesoft.com/",
  }


@online{Daede2019,
	author = {T. Daede and Andrey Norkin and I. Brailovskiy},
	title = {Video Codec Testing and Quality Measurement},
	year = 2019,
	note = "\url{https://tools.ietf.org/id/draft-ietf-netvc-testing-08.html}",
	urldate = {2019-01-25}
}

@online{VVC_Stream,
	author = {Elecard},
	title = {Elecard video stream analyzer},
	year = 2020,
	note = "\url{https://www.elecard.com/products/video-analysis/stream-analyzer}",
	urldate = {2020-01-25}
}

@online{VMAF2018,
	author = {Zhi Li and Christos Bampis and Julie Novak and Anne Aaron and Kyle Swanson and Anush Moorthy and Jan De Cock},
	title = {VMAF: The Journey Continues},
	year = 2018,
	note = "\url{https://netflixtechblog.com/vmaf-the-journey-continues-44b51ee9ed12}",
	urldate = {2016-10-25}
}



@online{VMAF2016,
	author = {Zhi Li and Anne Aaron and Ioannis Katsavounidis and Anush Moorthy and Megha Manohara},
	title = {Toward A Practical Perceptual Video Quality Metric},
	year = 2016,
	note = "\url{https://netflixtechblog.com/toward-a-practical-perceptual-video-quality-metric-653f208b9652}",
	urldate = {2016-06-06}
}


@inproceedings{JanDe2016complexity,
  title={Complexity-based consistent-quality encoding in the cloud},
  author={Jan De Cock and Li Zhi and Manohara Megha and Aaron Anne},
  booktitle={2016 IEEE International Conference on Image Processing (ICIP)},
  pages={1484--1488},
  year={2016},
  doi={https://doi.org/10.1109/ICIP.2016.7532605},
  organization={IEEE}
}

@inproceedings{JanDe2016LargeScale,
author = {Jan De Cock and Aditya Mavlankar and Anush Moorthy and Anne Aaron},
title = {{A large-scale video codec comparison of x264, x265 and libvpx for practical VOD applications}},
volume = {9971},
booktitle = {Applications of Digital Image Processing XXXIX},
editor = {Andrew G. Tescher},
organization = {International Society for Optics and Photonics},
publisher = {SPIE},
pages = {363 -- 379},
keywords = {VP9, HEVC, H.264/AVC, video codecs, codec comparison, video-on-demand, video quality metrics},
year = {2016},
doi = {10.1117/12.2238495},
URL = {https://doi.org/10.1117/12.2238495}
}


@inproceedings{JanDe2016constantslope,
  title={Constant-slope rate allocation for distributed real-world encoding},
  author={De Cock, Jan and Aaron, Anne},
  booktitle={2016 IEEE Picture Coding Symposium (PCS)},
  pages={1--5},
  year={2016},
  doi={https://doi.org/10.1109/PCS.2016.7906366},
  organization={IEEE}
}

@article{orduna2019video,
  title={Video Multimethod Assessment Fusion (VMAF) on 360VR contents},
  author={Orduna, Marta and D{\'\i}az, C{\'e}sar and Mu{\~n}oz, Lara and P{\'e}rez, Pablo and Benito, Ignacio and Garc{\'\i}a, Narciso},
  journal={arXiv preprint arXiv:1901.06279},
  doi={https://arxiv.org/ct?url=https%3A%2F%2Fdx.doi.org%2F10.1109%2FTCE.2019.2957987&v=aad97ffd},
  year={2019}
}


@article{chen2018av1,
  title={AV1 video coding using texture analysis with convolutional neural networks},
  author={Chen, Di and Fu, Chichen and Zhu, Fengqing},
  journal={arXiv preprint arXiv:1804.09291},
  doi={https://arxiv.org/abs/1804.09291v1},
  year={2018}
}

@INPROCEEDINGS{Thor,
 author={G. {BjÃ¸ntegaard} and T. {Davies} and A. {Fuldseth} and S. {Midtskogen}},
 booktitle={2016 Data Compression Conference (DCC)},
 title={The Thor Video Codec},
 year={2016},
 pages={476-485},
 }


@inproceedings{DebarghaLiu2017,
  title={Adaptive Multi-Reference Prediction Using A Symmetric Framework},
  author={Zoe Liu, Debargha Mukherjee, Wei-Ting Lin, Paul Wilkins, Jingning Han, Yaowu Xu},
  conference={Society for Imaging Science and Technology, 2017},
  year={2017},
  doi={https://doi.org/10.2352/ISSN.2470-1173.2017.2.VIPC-409},
  organization={IS&T International Symposium on Electronic Imaging 2017}
}

@inproceedings{chen2018overview,
  title={An overview of core coding tools in the AV1 video codec},
  author={Chen, Yue and Murherjee, Debargha and Han, Jingning and Grange, Adrian and Xu, Yaowu and Liu, Zoe and Parker, Sarah and Chen, Cheng and Su, Hui and Joshi, Urvang and others},
  booktitle={2018 Picture Coding Symposium (PCS)},
  pages={41--45},
  year={2018},
  doi={https://doi.org/10.1109/PCS.2018.8456249},
  organization={IEEE}
}

@article{de2018av1,
  title={Av1 bitstream \& decoding process specification},
  author={de Rivaz, Peter and Haughton, Jack},
  journal={The Alliance for Open Media},
  doi={https://aomediacodec.github.io/av1-spec/av1-spec.pdf},
  pages={182},
  year={2018}
}

@inproceedings{midtskogen2018av1,
  title={The AV1 constrained directional enhancement filter (CDEF)},
  author={Midtskogen, Steinar and Valin, Jean-Marc},
  booktitle={2018 IEEE International Conference on Acoustics, Speech and Signal Processing (ICASSP)},
  pages={1193--1197},
  doi={https://doi.org/10.1109/ICASSP.2018.8462021},
  year={2018},
  organization={IEEE}
}

@inproceedings{akyazi2018comparison,
  title={Comparison of Compression Efficiency between HEVC/H. 265, VP9 and AV1 based on Subjective Quality Assessments},
  author={Akyazi, Pinar and Ebrahimi, Touradj},
  booktitle={2018 Tenth International Conference on Quality of Multimedia Experience (QoMEX)},
  pages={1--6},
  year={2018},
  doi={https://doi.org/10.1109/QoMEX.2018.8463294},
  organization={IEEE}
}

@inproceedings{guo2018compression,
  title={Compression performance comparison of x264, x265, libvpx and aomenc for on-demand adaptive streaming applications},
  author={Guo, Liwei and De Cock, Jan and Aaron, Anne},
  booktitle={2018 IEEE Picture Coding Symposium (PCS)},
  pages={26--30},
  year={2018},
  doi={https://doi.org/10.1109/PCS.2018.8456302},
  organization={IEEE}
}

@inproceedings{cho2016perceptually,
  title={Perceptually-driven video coding with the Daala video codec},
  author={Cho, Yushin and Daede, Thomas J and Egge, Nathan E and Martres, Guillaume and Matthews, Tristan and Montgomery, Christopher and Terriberry, Timothy B and Valin, Jean-Marc},
  booktitle={Applications of Digital Image Processing XXXIX},
  volume={9971},
  pages={997115},
  year={2016},
  doi={https://arxiv.org/ct?url=https%3A%2F%2Fdx.doi.org%2F10.1117%2F12.2238417&v=1d704fc4},
  organization={International Society for Optics and Photonics}
}

@inproceedings{kim2019fast,
  title={Fast Inter-prediction Based on Decision Trees for AV1 Encoding},
  author={Kim, Jieon and Blasi, Saverio and Dias, Andre Seixas and Mrak, Marta and Izquierdo, Ebroul},
  booktitle={ICASSP 2019-2019 IEEE International Conference on Acoustics, Speech and Signal Processing (ICASSP)},
  pages={1627--1631},
  year={2019},
  doi={https://www.researchgate.net/publication/335489036_Fast_Inter-Prediction_based_on_Decision_Trees_for_AV1_encoding},
  organization={IEEE}
}

@inproceedings{guo2018fast,
  title={Fast block structure determination in av1-based multiple resolutions video encoding},
  author={Guo, Bichuan and Han, Yuxing and Wen, Jiangtao},
  booktitle={2018 IEEE International Conference on Multimedia and Expo (ICME)},
  pages={1--6},
  year={2018},
  doi={https://arxiv.org/ct?url=https%3A%2F%2Fdx.doi.org%2F10.1109%2FICME.2018.8486492&v=7e7b9996},
  organization={IEEE}
}

@inproceedings{nguyen2018future,
  title={Future Video Coding Technologies: A Performance Evaluation of AV1, JEM, VP9, and HM},
  author={Nguyen, Tung and Marpe, Detlev},
  booktitle={2018 Picture Coding Symposium (PCS)},
  pages={31--35},
  year={2018},
  doi={https://doi.org/10.1109/PCS.2018.8456289},
  organization={IEEE}
}

@article{chen2018multi,
  title={Multi-Reference Video Coding Using Stillness Detection},
  author={Chen, Di and Liu, Zoe and Xu, Yaowu and Zhu, Fengqing and Delp, Edward},
  journal={Electronic Imaging},
  volume={2018},
  number={2},
  pages={1--4},
  year={2018},
  doi={https://arxiv.org/abs/1803.04061v1},
  publisher={Society for Imaging Science and Technology}
}

@inproceedings{panagou2018evaluating,
  title={On evaluating the impact of tile partitioning in AV1},
  author={Panagou, Natalia and Papadopoulos, Panos K and Koziri, Maria and Loukopoulos, Thanasis},
  booktitle={Proceedings of the 22nd Pan-Hellenic Conference on Informatics},
  pages={121--126},
  year=2018,
  doi={https://dl.acm.org/doi/10.1145/3291533.3291534},
  organization={ACM}
}

@inproceedings{layek2017performance,
  title={Performance analysis of H. 264, H. 265, VP9 and AV1 video encoders},
  author={Layek, Md Abu and Thai, Ngo Quang and Hossain, Md Alamgir and Thu, Ngo Thien and Talukder, Ashis and Chung, TaeChoong and Huh, Eui-Nam and others},
  booktitle={2017 19th Asia-Pacific Network Operations and Management Symposium (APNOMS)},
  pages={322--325},
  year=2017,
  doi={https://doi.org/10.1109/APNOMS.2017.8094162},
  organization={IEEE}
}

@inproceedings{grois2018performance,
  title={Performance comparison of AV1, and JEM, and VP9, and HEVC encoders},
  author={Grois Dan and Nguyen Tung and Marpe Detlev},
  booktitle={Applications of Digital Image Processing XL},
  volume={10396},
  pages={103960L},
  year=2018,
  doi={https://doi.org/10.1117/12.2283428},
  organization={SPIE:International Society for Optics and Photonics}
}

@inproceedings{grois2016coding,
  title={Coding efficiency comparison of av1/vp9, h. 265/mpeg-hevc, and h. 264/mpeg-avc encoders},
  author={Grois Dan and Nguyen Tung and Marpe Detlev},
  booktitle={2016 Picture Coding Symposium (PCS)},
  pages={1-5},
  year=2016,
  doi={https://doi.org/10.1109/PCS.2016.7906321},
  organization={IEEE}
}

@article{sethuraman2018analysis,
  title={Analysis of the emerging aomedia av1 video coding format for ott use-cases},
  author={Sethuraman, Sriram and Rajan, Cherma and Patankar, Kaustubh},
  journal={SMPTE Motion Imaging Journal},
  volume={127},
  number={5},
  pages={44--50},
  year=2018,
  doi={https://doi.org/10.5594/JMI.2018.2821419},
  publisher={SMPTE}
}

@article{aubie2019understanding,
  title={Understanding the Video Codec Jungle: A Comparison of TCO and Compression Efficiency},
  author={Aubi{\'e}, Jean-Yves and Chi, Franck and Dum{\'e}nil, Patrick and Fautier, Thierry},
  journal={SMPTE Motion Imaging Journal},
  volume={128},
  number={10},
  pages={25--32},
  year={2019},
  doi={https://doi.org/10.5594/JMI.2019.2937723},
  publisher={SMPTE}
}


@mastersthesis{cassidy2011analysis,
  title={An Analysis of VP8, a new video codec for the web},
  author={Cassidy, Sean},
  school={Rochester Institute of Technology},
  doi={https://scholarworks.rit.edu/cgi/viewcontent.cgi?article=4188&context=theses},
  year={2011}
}

@inproceedings{han2016dynamic,
  title={A dynamic motion vector referencing scheme for video coding},
  author={Han, Jingning and Xu, Yaowu and Bankoski, James},
  booktitle={2016 IEEE International Conference on Image Processing (ICIP)},
  pages={2032--2036},
  year={2016},
  doi={https://doi.org/10.1109/ICIP.2016.7532715},
  organization={IEEE}
}


@inproceedings{mukherjee2013latest,
  title={The latest open-source video codec VP9-an overview and preliminary results},
  author={Mukherjee, Debargha and Bankoski, Jim and Grange, Adrian and Han, Jingning and Koleszar, John and Wilkins, Paul and Xu, Yaowu and Bultje, Ronald},
  booktitle={2013 Picture Coding Symposium (PCS)},
  pages={390--393},
  year={2013},
  doi={https://doi.org/10.1109/PCS.2013.6737765},
  organization={IEEE}
}

@online{NetflixVP9Codec,
	author = {Jankkoi},
	title = {How Netflix Delivers Better-Looking Downloads Without Eating Up All Your Phone Storage},
	year = 2016,
	note = "\url{https://variety.com/2016/digital/news/netflix-offline-downloads-codecs-vp9-1201932502/}",

  }

@online{Feldmann2018,
  	author = {Feldmann Christian},
  	title = {Multi-CODEC DASH Dataset: An Evaluation of Av1, AVC, HEVC, VP9 - Bitmovin},
  	year = 2018,
  	note = "\url{https://bitmovin.com/av1-multi-codec-dash-dataset/}",

  }

@online{Facebook2018,
    author = {Liu, Yu},
    title = {AV1 beats x264 and libvpx-vp9 in practical use case},
    year = 2018,
    note = "\url{https://engineering.fb.com/video-engineering/av1-beats-x264-and-libvpx-vp9-in-practical-use-case/}",
}

@book{wien2014high,
  title={High Efficiency Video Coding: Coding Tools and Specification},
  author={Wien, M.},
  isbn={9783662442760},
  series={Signals and Communication Technology},
  url={https://books.google.com/books?id=9NWnBAAAQBAJ},
  year={2014},
  publisher={Springer Berlin Heidelberg}
}


@INPROCEEDINGS{Rassool2017,
author={R. {Rassool}},
booktitle={2017 IEEE International Symposium on Broadband Multimedia Systems and Broadcasting (BMSB)},
title={VMAF reproducibility: Validating a perceptual practical video quality metric},
year={2017},  volume={},  number={},  pages={1-2},

}

@INPROCEEDINGS{Norkin2018,
author={A. {Norkin} and N. {Birkbeck}},
booktitle={2018 Data Compression Conference},
title={Film Grain Synthesis for AV1 Video Codec},
year={2018},  volume={},  number={},  pages={3-12},
}

@online{MSU2019,
  author = { Vatolin D.; Grishin S.; Kalinkina D.; Soldatov S.},
  title = {MSU Codec Comparison 2019},
  year = 2019,
  note = "\url{http://www.compression.ru/video/codec_comparison/hevc_2019/download/}",
}

@online{Bjontegaar2008,
  author = {Gisle Bjontegaard},
  title = {Improvements of the BD PSNR Model},
  year = 2008,
  note = "\url{http://wftp3.itu.int/av-arch/video-site/0104_Aus/}",
}


@ARTICLE{Sullivan1998,
author={G. J. {Sullivan} and T. {Wiegand}},
journal={IEEE Signal Processing Magazine},
title={Rate-distortion optimization for video compression},
year={1998},  volume={15},  number={6},  pages={74-90},

}



@inproceedings{vrevrabek2015quality,
  title={Quality evaluation of HEVC and VP9 video compression in real-time applications},
  author={Rerabek, Martin and Hanhart, Philippe and Korshunov, Pavel and Ebrahimi, Touradj},
  booktitle={2015 Seventh International Workshop on Quality of Multimedia Experience (QoMEX)},
  pages={1--6},
  year={2015},
  doi={https://doi.org/10.1109/QoMEX.2015.7148088},
  organization={IEEE}
}

@inproceedings{bankoski2011technical,
  title={Technical overview of VP8, an open source video codec for the web},
  author={Bankoski, Jim and Wilkins, Paul and Xu, Yaowu},
  booktitle={2011 IEEE International Conference on Multimedia and Expo},
  pages={1--6},
  year={2011},
  doi={https://www.researchgate.net/publication/221264233_Technical_overview_of_VP8_an_open_source_video_codec_for_the_web},
  organization={IEEE}
}

@article{grange2016vp9,
  title={VP9 bitstream \& decoding process specification},
  author={Grange, Adrian and De Rivaz, Peter and Hunt, Jonathan},
  journal={Version 0.6, March},
  doi={https://storage.googleapis.com/downloads.webmproject.org/docs/vp9/vp9-bitstream-specification-v0.6-20160331-draft.pdf},
  year={2016}
}



@inproceedings{chen2014adaptive,
  title={Adaptive video transmission with subjective quality constraints},
  author={Chen, Chao and Zhu, Xiaoqing and De Veciana, Gustavo and Bovik, Alan C and Heath, Robert W},
  booktitle={2014 IEEE International Conference on Image Processing (ICIP)},
  pages={2477--2481},
  year={2014},
  doi={https://doi.org/10.1109/ICIP.2014.7025501},
  organization={IEEE}
}


@article{katsavounidis2018DO,
  title={Dynamic optimizer-A perceptual video encoding optimization framework},
  author={Katsavounidis, Ioannis},
  journal={The Netflix Tech Blog},
  note = {\\\url{https://netflixtechblog.com/dynamic-optimizer-a-perceptual-video-encoding-optimization-framework-e19f1e3a277f}},
  year={2018}
}

@article{C-CJay2013,
  title={Visual quality assessment: recent developments, coding applications and future trends},
  author={Liu, Tsung-Jung and Lin, Yu-Chieh and Lin, Weisi and Kuo, C-C Jay},
  journal={APSIPA Transactions on Signal and Information Processing},
  volume={2},
  year={2013},
  doi={https://doi.org/10.1017/ATSIP.2013.5},
  publisher={Cambridge University Press}
}

@proceedings{C-CJay2014,
  title={A fusion-based video quality assessment (FVQA) index},
  author={ Lin, Joe Yuchieh; Liu, T. J, Wu, E. C. H., Kuo, C-C Jay},
  conference={Asia-Pacific Signal and Information Processing Association Annual Summit and Conference (APSIPA) 2014 },
  year={2014},
  doi={https://doi.org/10.1109%2Fapsipa.2014.7041705},
}

@proceedings{C-CJay2015,
  title= {EVQA: An ensemble-learning-based video quality assessment index},
  author={ Lin, Joe Yuchieh, and Wu, Chi-Hao, and Ioannis, Katsavounidis, and Li, Zhi, and Aaron, Anne, and Kuo, C.-C. Jay },
  conference={Multimedia & Expo Workshops (ICMEW), 2015 IEEE International Conference },
  year={2015},
  doi={https://doi.org/10.1109%2FICMEW.2015.7169760},
}


@article{bampis2017learning,
  title={Learning to predict streaming video QoE: Distortions, rebuffering and memory},
  author={Bampis, Christos G and Bovik, Alan C},
  journal={arXiv preprint arXiv:1703.00633},
  doi={https://arxiv.org/pdf/1703.00633.pdf},
  year={2017}
}

@inproceedings{moorthymobile,
  title={Mobile video quality assessment database},
  author={Moorthy, Anush Krishna and Choi, Lark Kwon and de Veciana, G and Bovik, AC},
  booktitle={IEEE ICC Workshop on Realizing Advanced Video Optimized Wireless Networks},
  doi={https://pdfs.semanticscholar.org/41a2/5d1812092a47524c09b9703dce61e6e49965.pdf},
  year =2011,
  pages={7055--7059}
}


@article{bampis2018recurrent,
  title={Recurrent and dynamic models for predicting streaming video quality of experience},
  author={Bampis, Christos G and Li, Zhi and Katsavounidis, Ioannis and Bovik, Alan C},
  journal={IEEE Transactions on Image Processing},
  volume={27},
  number={7},
  pages={3316--3331},
  year={2018},
  doi={https://doi.org/10.1109/TIP.2018.2815842},
  publisher={IEEE}
}

@article{bampis2018spatiotemporal,
  title={Spatiotemporal feature integration and model fusion for full reference video quality assessment},
  author={Bampis, Christos G and Li, Zhi and Bovik, Alan C},
  journal={IEEE Transactions on Circuits and Systems for Video Technology},
  year={2018},
  doi={https://doi.org/10.1109/TCSVT.2018.2868262},
  publisher={IEEE}
}

@inproceedings{Angeliki2019,
  title={A Subjective Comparison of AV1 and HEVC for Adaptive Video Streaming},
  author={Angeliki V. Katsenou and Fan Zhang and Mariana Afonso and David R. Bull},
  booktitle={2019 IEEE International Conference on Image Processing (ICIP)},
  year={2019},
  doi={https://doi.org/10.1109/ICIP.2019.8803523},
  organization={IEEE}
}

@article{Mariana2019,
  title={Video compression based on Spatio-Temporal Resolution Adaptation},
  author={Mariana Afonso and Fan Zhang and David R. Bull},
  journal={IEEE Transactions on Circuits and Systems for Video Technology},
  year={2019},
  doi={https://doi.org/10.1109/TCSVT.2018.2878952},
  publisher={IEEE}
}

@inproceedings{Jerome2019,
  title={AV1: Implementation, Performance, and Application},
  author={Jerome Vieron, Ian Trow},
  booktitle={SMPTE Motion Imaging Journal},
  year={2019},
  doi={https://doi.org/10.5594/JMI.2019.2951827},
  organization={SMPTE}
}

@article{Tanou2019,
  title={Analysis of Emerging Video Codecs: Coding Tools, Compression Efficiency, and Complexity},
  author={Julien Le Tanou and Mederic Blestel},
  journal={SMPTE Motion Imaging Journal 128(10)},
  year=2019,
  doi={https://www.researchgate.net/deref/http%3A%2F%2Fdx.doi.org%2F10.5594%2FJMI.2019.2937736?_sg%5B0%5D=CyDAoZts7oAFJEhk1W7mIr7zbdZgB5AlCwMPlAF3zdPxvpHUvNjE-biKYK1_z5BVFIPvrNRlmWxAsr8uXMZWGYnPqw.h9uaXTZYm54ybraBu-g00ohssyXZll3mhgcGrwllryfVI3gkpPKoQovVnXbW6ahP1mkdaS46iy-xolIWyIK3Hw},
  publisher={SMPTE}
}

@article{Fan2020,
  title={Comparing VVC, HEVC and AV1 using Objective and Subjective Assessments},
  author={Fan Zhang and Angeliki V. Katsenou and Mariana Afonso and Goce Dimitrov and David R. Bull},
  journal={SMPTE Motion Imaging Journal 128(10)},
  year={2020},
  doi={https://arxiv.org/abs/2003.10282v1},
  publisher={arXiv},

}

@inproceedings{moorthy2012subjective,
  title={Subjective analysis of video quality on mobile devices},
  author={Moorthy, Anush K and Choi, Lark K and De Veciana, Gustavo and Bovik, Alan C},
  booktitle={Sixth International Workshop on Video Processing and Quality Metrics for Consumer Electronics (VPQM), Scottsdale, Arizona},
  year={2012},
  doi={https://live.ece.utexas.edu/publications/2012/moorthy_vqpm2012.pdf},
  organization={Citeseer}
}


@article{moorthy2012video,
  title={Video quality assessment on mobile devices: Subjective, behavioral and objective studies},
  author={Moorthy, Anush Krishna and Choi, Lark Kwon and Bovik, Alan Conrad and De Veciana, Gustavo},
  journal={IEEE Journal of Selected Topics in Signal Processing},
  volume={6},
  number={6},
  pages={652--671},
  year={2012},
  doi={https://www.researchgate.net/publication/258655697_Video_Quality_Assessment_on_Mobile_Devices_Subjective_Behavioral_and_Objective_Studies},
  publisher={IEEE}
}

@article{laude2019,
  title={A Comprehensive Video Codec Comparison},
  author={Thorsten Laude and Yeremia Gunawan Adhisantoso and Jan{Voges} and Marco{ Munderloh} and JÃ¶rn {Ostermann}},
  journal={APSIPA Transactions on Signal and Information Processing},
  volume={8},
  year={2019},
  pages={e30},
  doi={https://doi.org/10.1017/ATSIP.2019.23},
  publisher={Cambridge University Press}
}

@INPROCEEDINGS{laude2018,
author={T. {Laude} and Y. G. {Adhisantoso} and J. {Voges} and M. {Munderloh} and J. {Ostermann}},
booktitle={2018 Picture Coding Symposium (PCS)},
title={A Comparison of JEM and AV1 with HEVC: Coding Tools, Coding Efficiency and Complexity},
year={2018},
pages={36-40},

}

@inproceedings{katsavounidis2018video,
  title={Video codec comparison using the dynamic optimizer framework},
  author={Katsavounidis, Ioannis and Guo, Liwei},
  booktitle={Applications of Digital Image Processing XLI},
  volume={10752},
  pages={107520Q},
  year={2018},
  doi={https://doi.org/10.1117/12.2322118},
  organization={International Society for Optics and Photonics}
}

@article{jiang2018dynamically,
  title={A dynamically reconfigurable architecture system for time-varying image constraints (drastic) for motion jpeg},
  author={Jiang, Yuebing and Pattichis, Marios S},
  journal={Journal of Real-Time Image Processing},
  volume={14},
  number={2},
  pages={395--411},
  year={2018},
  doi={https://link.springer.com/article/10.1007/s11554-014-0460-8},
  publisher={Springer}
}

@article{panayides2014effective,
  title={An effective ultrasound video communication system using despeckle filtering and HEVC},
  author={Panayides, Andreas S and Pattichis, Marios S and Loizou, Christos P and Pantziaris, Marios and Constantinides, Anthony G and Pattichis, Constantinos S},
  journal={IEEE journal of biomedical and health informatics},
  volume={19},
  number={2},
  pages={668--676},
  year={2014},
  doi={https://doi.org/10.1109/JBHI.2014.2329572},
  publisher={IEEE}
}


@article{rothkopf2007task,
  title={Task and context determine where you look},
  author={Rothkopf, Constantin A and Ballard, Dana H and Hayhoe, Mary M},
  journal={Journal of vision},
  volume={7},
  number={14},
  pages={16--16},
  year={2007},
  publisher={The Association for Research in Vision and Ophthalmology}
}

@inproceedings{esakki2017adaptive,
  title={Adaptive High Efficiency Video Coding Based on Camera Activity Classification.},
  author={Esakki, Gangadharan and Jatla, Venkatesh and Pattichis, Marios S},
  booktitle={DCC},
  pages={438},
  doi={https://doi.org/10.1109/DCC.2017.83},
  year={2017}
}

@article{llamocca2015dynamic,
  title={Dynamic energy, performance, and accuracy optimization and management using automatically generated constraints for separable 2d fir filtering for digital video processing},
  author={Llamocca, Daniel and Pattichis, Marios},
  journal={ACM Transactions on Reconfigurable Technology and Systems (TRETS)},
  volume={7},
  number={4},
  pages={31},
  year={2015},
  doi={https://doi.org/10.1145/2629623},
  publisher={ACM}
}


@article{esakki2014dynamic,
  title={Dynamic switching of GOP configurations in high efficiency video coding (HEVC) using relational databases for multi-objective optimization},
  author={Esakki, Gangadharan},
  school={The University of New Mexico},
  doi={https://digitalrepository.unm.edu/ece_etds/80/},
  year={2014},
}

@inproceedings{jiang2014unified,
  title={A unified and pipelined hardware architecture for implementing intra prediction in HEVC},
  author={Jiang, Yuebing and Llamocca, Daniel and Pattichis, Marios and Esakki, Gangadharan},
  booktitle={2014 IEEE Southwest Symposium on Image Analysis and Interpretation},
  pages={29--32},
  year=2014,
  doi={https://doi.org/10.1109/SSIAI.2014.6806021},
  }

@inproceedings{esakki2016optimal,
  title={Optimal hevc encoding based on gop configurations},
  author={Esakki, Gangadharan and Jatla, Venkatesh and Pattichis, Marios S},
  booktitle={2016 IEEE Southwest Symposium on Image Analysis and Interpretation (SSIAI)},
  pages={25--28},
  year={2016},
  doi={https://doi.org/10.1109/SSIAI.2016.7459166},
  organization={IEEE}
}



%BOOKS
@book{bovik2010handbook,
  title={Handbook of image and video processing},
  author={Bovik, Alan C},
  year={2010},
  publisher={Academic press}
}

@book{james2013introduction,
  title={An introduction to statistical learning},
  author={James, Gareth and Witten, Daniela and Hastie, Trevor and Tibshirani, Robert},
  volume={112},
  year={2013},
  publisher={Springer}
}

@article{hastie2005elements,
  title={The elements of statistical learning: data mining, inference and prediction},
  author={Hastie, Trevor and Tibshirani, Robert and Friedman, Jerome and Franklin, James},
  journal={The Mathematical Intelligencer},
  volume={27},
  number={2},
  pages={83--85},
  year={2005},
  publisher={Springer}
}

@book{bovikimage2009,
  title={The essential guide to image processing},
  author={Bovik, Alan C},
  year={2009},
  publisher={Academic Press}
}

@book{bovik2009video,
  title={The essential guide to video processing},
  author={Bovik, Alan C},
  year={2009},
  publisher={Academic Press}
}


%SSIAI

% This file was created with JabRef 2.8.1.
% Encoding: Cp1252
% New journal papers


%VVC%

@online{AndreasIEEESpectrum,
  author = {Andreas Panayides},
  title = {Battle of the Video Codecs: Coding-Efficient VVC vs. Royalty-Free AV1},
  year = 2020,
  note = "\url{https://spectrum.ieee.org/tech-talk/computing/software/battle-video-codecs-hevc-coding-efficiency-vvc-royalty-free-av1}",
}


@ARTICLE{Panayides2019,
author={A. S. {Panayides} and M. S. {Pattichis} and M. {Pantziaris} and A. G. {Constantinides} and C. S. {Pattichis}},
journal={IEEE Access},
title={The Battle of the Video Codecs in the Healthcare Domain - A Comparative Performance Evaluation Study Leveraging VVC and AV1},
doi={https://doi.org/10.1109/ACCESS.2020.2965325},
year={2020},  volume={8},  number={},  pages={11469-11481},
}

@ARTICLE{Orchard94,
author={M. T. {Orchard} and G. J. {Sullivan}},
journal={IEEE Transactions on Image Processing},
title={Overlapped block motion compensation: an estimation-theoretic approach},
year={1994},  volume={3},  number={5},  pages={693-699},}

@INPROCEEDINGS{Wieckowski2019,
author={A. {Wieckowski} and J. {Ma} and V. {George} and H. {Schwarz} and D. {Marpe} and T. {Wiegand}},
booktitle={2019 Picture Coding Symposium (PCS)},
doi={https://doi.org/10.1109/PCS48520.2019.8954564},
title={Generalized binary splits: A versatile partitioning scheme for block-based hybrid video coding},
year={2019},  volume={},  number={},  pages={1-5},

}

@INPROCEEDINGS{Sidaty2019,
author={N. {Sidaty} and W. {Hamidouche} and O. {DÃ©forges} and P. {Philippe} and J. {Fournier}},
booktitle={2019 Picture Coding Symposium (PCS)},
title={Compression Performance of the Versatile Video Coding: HD and UHD Visual Quality Monitoring},
doi={https://doi.org/10.1109/PCS48520.2019.8954562},
year={2019},  volume={},  number={},  pages={1-5},
}

@ARTICLE{Tanou2019,
author={J. L. {Tanou} and M. {Blestel}},
journal={SMPTE Motion Imaging Journal},
title={Analysis of Emerging Video Codecs: Coding Tools, Compression Efficiency},
doi={https://doi.org/10.5594/JMI.2019.2937736},
year=2019,  volume={128},  number={10},  pages={14-24},
}

@ARTICLE{Park2019,
author={S. {Park} and J. {Kang}},
journal={IEEE Access},
title={Fast Affine Motion Estimation for Versatile Video Coding (VVC) Encoding},
doi={https://doi.org/10.1109/ACCESS.2019.2950388},
year=2019,  volume={7},  number={},  pages={158075-158084},
}

@ARTICLE{Bross2019,
author={B. {Bross} and K. {Andersson} and M. {BlÃ¤ser} and V. {Drugeon} and S. {Kim} and J. {Lainema} and J. {Li} and S. {Liu} and J. {Ohm} and G. J. {Sullivan} and R. {Yu}},
journal={IEEE Transactions on Circuits and Systems for Video Technology},
title={General Video Coding Technology in Responses to the Joint Call for Proposals on Video Compression with Capability beyond HEVC},
doi={https://doi.org/10.1109/TCSVT.2019.2949619},
year={2019},  volume={},  number={},  pages={1-1},
}

@ARTICLE{Jianle2019,
author={J. {Chen} and M. {Karczewicz} and Y. {Huang} and K. {Choi} and J. {Ohm} and G. J. {Sullivan}},
journal={IEEE Transactions on Circuits and Systems for Video Technology},
title={The Joint Exploration Model (JEM) for Video Compression with Capability beyond HEVC},
doi={https://doi.org/10.1109/TCSVT.2019.2945830},
year={2019},  volume={},  number={},  pages={1-1},
}

@ARTICLE{Huang2019,
author={Y. {Huang} and C. {Hsu} and C. {Chen} and T. {Chuang} and S. {Hsiang} and C. {Chen} and M. {Chiang} and C. {Lai} and C. {Tsai} and Y. {Su} and Z. {Lin} and Y. {Hsiao} and O. {Chubach} and Y. {Lin} and S. {Lei}},
journal={IEEE Transactions on Circuits and Systems for Video Technology},
title={A VVC Proposal with Quaternary Tree plus Binary-Ternary Tree Coding Block Structure and Advanced Coding Techniques},
doi={https://doi.org/10.1109/TCSVT.2019.2945048},
year={2019},  volume={},  number={},  pages={1-1},
}

@ARTICLE{Yang2019,
author={H. {Yang} and L. {Shen} and X. {Dong} and Q. {Ding} and P. {An} and G. {Jiang}},
journal={IEEE Transactions on Circuits and Systems for Video Technology},
title={Low Complexity CTU Partition Structure Decision and Fast Intra Mode Decision for Versatile Video Coding},
doi={https://doi.org/10.1109/TCSVT.2019.2904198},
year={2019},  volume={},  number={},  pages={1311-1325},
}

@ARTICLE{Zhang2019,
author={K. {Zhang} and Y. {Chen} and L. {Zhang} and W. {Chien} and M. {Karczewicz}},
journal={IEEE Transactions on Image Processing},
title={An Improved Framework of Affine Motion Compensation in Video Coding},
doi={https://doi.org/10.1109/TIP.2018.2877355},
year={2019},  volume={28},  number={3},  pages={1456-1469},
}


%SSIAI
@inproceedings{Jiang2015,
  author = {Jiang, Y. and Zong, C. and Pattichis, M.S.},
  title = {Scalable HEVC intra frame complexity control subject to
           quality and bitrate constraints},
  booktitle = {3rd IEEE Global Conference on Signal and
           Information Processing},
  year = {2015},
  doi={https://doi.org/10.1109/GlobalSIP.2015.7418203},
  note = {In press}
}

@ARTICLE{Cesar2016,
   author = {Carranza, C. and LLamocca, D. and Pattichis, M.S.},
   title  = {Fast and scalable computation of the forward and
             inverse discrete periodic radon transform},
   journal = {IEEE Transactions on Image Processing},
   doi={https://www.researchgate.net/deref/http%3A%2F%2Fdx.doi.org%2F10.1109%2FTIP.2015.2501725?_sg%5B0%5D=CihB_EkBkuG_7JwLxfrlGej4h--ClQJdptrphqOKKX7J6yMBduLg-_FJyVemiFQTHJd3mp-Rkr9AYFTliYEuknjEFQ.DOGBBX8tAchYcOyg6VOykqYe4Sbk2hz9FIEOSvd8rLSVz0qr64XlwTB9lXzk8GdsgfGjMAPWNsgMGuS3ooqs_A},
   note    = {accepted}
}

@inproceedings{Andreas2015,
  title = {Adaptive Emergency Scenery Video Communications using HEVC for
		  Responsive Decision Support in Disaster Incidents},
  author = {Antoniou, Z. and Panayides, A.S. and Pattichis, M.S.},
  booktitle = {37th Annual International Conference of the IEEE
		      Engineering in Medicine and Biology Society (EMBC)},
  pages = {173-176},
  doi={https://doi.org/10.1109/EMBC.2015.7318328},
  year = {2015}
}

@ARTICLE{Bossen,
  author = {Bossen, F. and Bross, B. and Suhring, K. and Flynn, D.},
  title = {HEVC Complexity and Implementation Analysis},
  journal = {IEEE Transactions on Circuits and Systems for Video Technology},
  year = {2012},
  volume = {22},
  pages = {1685-1696},
  number = {12},
  month = {Dec},
  doi = {10.1109/TCSVT.2012.2221255},
  issn = {1051-8215},
  keywords = {computational complexity;data compression;decoding;video coding;H.264-AVC
	high profile;HEVC decoders complexity;HEVC encoders;HEVC standard;coding
	efficiency;complexity-related aspects;high efficiency video coding
	standard;implementation analysis;optimized software;reference software;standardization
	process;video compression technology;video quality;Complexity theory;Decoding;Encoding;Transforms;Video
	coding;Video compression;High efficiency video coding (HEVC);video
	coding}
}

@INPROCEEDINGS{Correa,
  author = {Correa, G. and Assuncao, P. and da Silva Cruz, L.A. and Agostini,
	L.},
  title = {Constrained encoding structures for computational complexity scalability
	in HEVC},
  booktitle = {Picture Coding Symposium (PCS), 2013},
  year = {2013},
  pages = {297-300},
  month = {Dec},
  doi = {10.1109/PCS.2013.6737742},
  keywords = {optimisation;video coding;BD-rate;Bjontegaard Delta;GOP;HEVC encoder;computational
	complexity scalability;constrained coding treeblock;constrained encoding
	structure;group of picture;high efficiency video coding standard;prediction
	unit shape;rate-distortion optimization process;Computational complexity;Encoding;Rate-distortion;Scalability;Shape;Video
	coding}
}

@INPROCEEDINGS{Ferreira,
  author = {Ferreira, L. and Cruz, L. and Assuncao, P.},
  title = {Efficient scalable coding of video summaries using dynamic GOP structures},
  booktitle = {EUROCON - International Conference on Computer as a Tool (EUROCON),
	2011 IEEE},
  year = {2011},
  pages = {1-4},
  month = {April},
  doi = {10.1109/EUROCON.2011.5929277},
  keywords = {video coding;dynamic GOP structures;group of pictures;scalable coding;temporal
	scalability;video coding;video summary;Decoding;Encoding;Indexes;Prediction
	algorithms;Static VAr compensators;Streaming media;Video coding;H.264/MPEG-4
	SVC;SVC;Video summarization}
}

@INPROCEEDINGS{Jiang,
  author = {Yuebing Jiang and Esakki, G. and Pattichis, M.},
  title = {Dynamically reconfigurable architecture system for time-varying image
	constraints (DRASTIC) for HEVC intra encoding},
  booktitle = {2013 Asilomar Conference on Signals, Systems and Computers},
  year = {2013},
  pages = {1112-116},
  month = {Nov},
  doi = {10.1109/ACSSC.2013.6810466},
  keywords = {computational complexity;optimisation;video coding;DRASTIC optimization;HEVC
	intra encoding;complexity-rate-distortion;dynamically reconfigurable
	architecture system for time-varying image constraint;high efficiency
	video coding standard;Aerospace electronics;Bit rate;Complexity theory;Encoding;Image
	quality;Indexes;PSNR;DRASTIC;HEVC;complexity;distortion;intra;optimization;rate}
}

@ARTICLE{Ohm,
  author = {Ohm, J. and
  , G.J. and Schwarz, H. and Thiow Keng Tan and
	Wiegand, T.},
  title = {Comparison of the Coding Efficiency of Video Coding Standards x2014;Including
	High Efficiency Video Coding (HEVC)},
  journal = {IEEE Transactions on Circuits and Systems for Video Technology},
  year = {2012},
  volume = {22},
  pages = {1669-1684},
  number = {12},
  month = {Dec},
  doi = {10.1109/TCSVT.2012.2221192},
  issn = {1051-8215},
  keywords = {standards;video coding;H.262;H.263;H.264;HEVC;MPEG-2 video;MPEG-4
	advanced video coding;MPEG-4 visual;PSNR metric;coding efficiency;equivalent
	subjective reproduction quality;high efficiency video coding;high
	resolution video content;peak signal-to-noise ratio;subjective testing;video
	coding standards;ISO standards;MPEG 4 Standard;MPEG standards;Standards;Video
	coding;Video compression;Advanced Video Coding (AVC);H.264;High Efficiency
	Video Coding (HEVC);JCT-VC;MPEG;MPEG-4;VCEG;standards;video compression}
}

@ARTICLE{Sullivan2003,
  author = {Thomas Wiegand and Gary Sullivan and Gisle Bjontegaard and Ajay Luthra},
  title = {Overview of the H.264/AVC Video Coding Standard},
  journal = {IEEE Transactions on Circuits and Systems for Video Technology},
  year = {2003},
  volume = {13},
  number = {7},
  month = {Jul},
  doi = {http://ip.hhi.de/imagecom_G1/assets/pdfs/csvt_overview_0305.pdf},
  issn = {1051-8215},

}

@ARTICLE{ShansheDec2013,
  author = {Shanshe Wang and Siwei Ma and Shiqi Wang and Debin Zhao and Wen Gao},
  title = {Rate-GOP Based Rate Control for High Efficiency Video Coding},
  journal = {Selected Topics in Signal Processing, IEEE Journal of},
  year = {2013},
  volume = {7},
  pages = {1101-1111},
  number = {6},
  month = {Dec},
  doi = {10.1109/JSTSP.2013.2272240},
  issn = {1932-4553},
  keywords = {quadtrees;rate distortion theory;statistical distributions;video coding;BD-PSNR;HEVC;RPS;bit
	rate model;coding frame;coding tool;hierarchical rate control structure;high
	efficiency video coding;interframe dependency based distortion model;mixed
	Laplacian distribution;quadtree coding structure;rate-GOP based frame
	level rate control scheme;reference frame selection mechanism;reference
	picture set;residual information;video quality;Bit rate;Standards;Video
	coding;Bit allocation;HEVC;inter-frame dependency;rate control;rate-GOP;video
	coding}
}

@ARTICLE{Llamocca,
	author={Llamocca, D. and Pattichis, M.},
	journal={IEEE Transactions on Circuits and Systems for Video Technology},
	title={A Dynamically Reconfigurable Pixel Processor System Based on Power/Energy-Performance-Accuracy Optimization},
	year={2013},
	month={March},
	volume={23},
	number={3},
	pages={488-502},
	keywords={DRAM chips;SRAM chips;image processing;optimisation;DDR-SDRAM;Pareto-optimal realizations;dynamic PPA-EPA management;dynamic frequency control;dynamic partial reconfiguration;dynamically reconfigurable pixel processor system;multiobjective optimization scheme;peak signal-to-noise ratio;power-energy-performance-accuracy optimization;single-pixel operations;time-varying constraints;Accuracy;Clocks;Field programmable gate arrays;Frequency control;Hardware;Nickel;Table lookup;Dynamic partial reconfiguration (DPR);field-programmable gate-array (FPGA);look-up table (LUT)-based architectures},
	doi={10.1109/TCSVT.2012.2210664},
	ISSN={1051-8215},
}

@inproceedings{Kalpana,
  title={A subjective study to evaluate video quality assessment algorithms},
  author={Seshadrinathan, Kalpana and Soundararajan, Rajiv and Bovik, Alan C and Cormack, Lawrence K},
  booktitle={IS\&T/SPIE Electronic Imaging},
  pages={75270H--75270H},
  year={2010},
  doi={https://doi.org/10.1117/12.845382},
  organization={International Society for Optics and Photonics}
}

@ARTICLE{Seshadrinathan,
	author={Seshadrinathan, K. and Soundararajan, R. and Bovik, A.C. and Cormack, L.K.},
	journal={IEEE Transactions on Image Processing},
	title={Study of Subjective and Objective Quality Assessment of Video},
	year={2010},
	month={June},
	volume={19},
	number={6},
	pages={1427-1441},
	keywords={distortion;natural scenes;statistical analysis;video signal processing;visual perception;LIVE;application-relevant processes;digital videos;distorted videos;laboratory for image and video engineering;natural scenes;statistical evaluation;video distortion;video quality assessment;video quality database;Full reference;LIVE video quality database;human visual system;perceptual quality assessment;video quality;visual perception;Algorithms;Humans;Image Interpretation, Computer-Assisted;Observer Variation;Reproducibility of Results;Sensitivity and Specificity;Video Recording;Visual Perception},
	doi={10.1109/TIP.2010.2042111},
	ISSN={1057-7149},}


@MASTERSTHESIS {Gangadharan,
	author = "Gangadharan Esakki",
	title  = "Dynamic Switching of GOP Configurations in High Efficiency Video Coding (HEVC) using Relational Databases for Multi-objective Optimization",
	school = "Electrical and Computer Engineering UNM",
	year   = "2014",
	month  = "jul",
  doi={https://digitalrepository.unm.edu/ece_etds/80/},
}

@online{X265docs,
	author = {MulticoreWare Inc},
	title = {X265 software documentation},
	year = 2015,
	note = "\url{https://x265.readthedocs.org/en/default/}",
	urldate = {2015-01-15}
}


@online{cisco2019,
	author = {CISCO},
	title = {CISCO Visual Networking Indes:Froecase and Trends, 2017-2022},
	year = 2019,
	note = "\url{https://cyrekdigital.com/pl/blog/content-marketing-trendy-na-rok-2019/white-paper-c11-741490.pdf}",
	urldate = {2019-11-18}
}

@online{covid19,
	author = {Verge},
	title = {Disney Plus and Facebook are also reducing streaming quality in Europe},
	year = 2020,
	note = "\url{https://www.theverge.com/2020/3/22/21189920/disney-plus-delayed-france-uk-streaming-reduce-quality-coronavirus}",
	urldate = {2020-03-20}
}


@online{YouTube,
	author = {YouTube},
	title = {YouTube Recommended upload encoding settings},
	year = 2016,
	note = "\url{https://support.google.com/youtube/answer/1722171?hl=en}",
	urldate = {2016-03-20}
}


@online{SVTAV1design,
	author = {OpenVisualCloud},
	title = {Encoder Design for SVT-AV1 {Scalable Video Technology for AV1 Encoder}},
	year = 2020,
	note = "\url{https://github.com/OpenVisualCloud/SVT-AV1/blob/master/Docs/svt-av1-encoder-design.md}",
}

@online{DoubleStimulus,
	author = {ITU-T},
	title = {BT.500 : Methodologies for the subjective assessment of the quality of television images},
	year = 2019,
	note = "\url{https://www.itu.int/rec/R-REC-BT.500}",
}

@online{Jens2020,
	author = {Jens-Rainer Ohm},
	title = {Versatile Video Coding (Draft 8)},
	year = 2020,
	note = "\url{http://phenix.it-sudparis.eu/jvet/doc_end_user/current_document.php?id=9675}",
	urldate = {2020-03-12}
}

@online{VVC2019,
	author = {Jens-Rainer Ohm},
	title = {VVC-VTM reference software},
	year = 2019,
	note = "\url{https://vcgit.hhi.fraunhofer.de/jvet/VVCSoftware_VTM}",
	urldate = {2019-11-12}
}

@online{JVET,
	author = {Jens-Rainer Ohm and Gary Sullivan},
	title = {Versatile Video Coding - JVET },
	year = 2019,
	note = "\url{https://jvet.hhi.fraunhofer.de/}",
}

@online{JVET-L0283,
	author = {C-C.{Kuo}, and C-C {Lin}, and Liang {Zhao}, and Xin {Zhao}, and Xiang {Li}, and Shan {Liu}, and Benjamin {Bross}, and Paul {Keydel}, and Heiko {Schwarz}, and Detlev {Marpe}, and Thomas {Wiegand}},
	title = {Multiple reference line intra prediction},
	year = 2019,
	url= "\url{http://phenix.int-evry.fr/jvet/doc_end_user/current_document.php?id=4379}",
}

@online{JVET-Q2002,
	author = {J Chen and Y Ye and S Kim},
	title = {Algorithm description for Versatile Video Coding and Test Model},
	year = 2019,
	doi= "\url{http://phenix.int-evry.fr/jvet/doc_end_user/current_document.php?id=9676}",
}

@online{NetFlixWar,
	author = {Netflix},
	title = {The End of Video Coding},
	year = 2018,
	note = "\url{https://netflixtechblog.com/the-end-of-video-coding-40cf10e711a2}",
	urldate = {2018-06-13}
}

@online{Statsmodels,
	author = {statsmodels},
	title = {statistical models, hypothesis tests, and data exploration},
	year = 2019,
	note = "\url{https://www.statsmodels.org/stable/index.html}",
	}

  @online{Newtons,
  	author = {NewtonsMethod},
  	title = {Newton-Raphson Technique},
  	year = 1999,
  	note = "\url{https://web.mit.edu/10.001/Web/Course_Notes/NLAE/node6.html}",
  	}



@online{SVTAV12020,
	author = {Andrey Norkin},
	title = {SVT-AV1 open-source AV1 encoder and decoder},
	year = 2020,
	note = "\url{https://netflixtechblog.com/svt-av1-an-open-source-av1-encoder-and-decoder-ad295d9b5ca2/}",
	urldate = {2020-03-13}
}

@inproceedings{Michele2016,
 year=2016,
 author={Michele Covell and Martin Arjovsky and Yao-chung Lin and Anil Kokaram},
 title={Optimizing Transcoder Quality Targets Using a Neural Network with an Embedded Bitrate Model},
 publisher={Society for Imaging Science and Technology},
 doi="\url{https://pdfs.semanticscholar.org/de56/c6853daf5ed09c4b60181d64734efab9e6e1.pdf}"
}

@online{YouTubeStats2019,
 year={2019},
 author={J.Clement},
 title={Hours of video uploaded to YouTube every minute as of May 2019},
 note="",
 url= "https://www.statista.com/statistics/259477/hours-of-video-uploaded-to-youtube-every-minute/",
}

@online{VP92013,
	author = {Google},
	title = {VP9 Video Codec},
	year = 2013,
	note = "\url{https://storage.googleapis.com/downloads.webmproject.org/docs/vp9/vp9-bitstream-specification-v0.6-20160331-draft.pdf}",
	urldate = {2017-03-27}
}

@online{AOMproj,
	author = {AOM},
	title = {Alliance of Open Media},
	year = 2019,
	note = "\url{https://aomediacodec.github.io/av1-spec/av1-spec.pdf}",
	urldate = {2019-09-01}
}


@online{UHDvideo,
	author = {Tampere},
	title = {Ultra Video Group Tampere University of Technology},
	year = 2015,
	note = "",
  url="http://ultravideo.cs.tut.fi/#testsequences/",

}

@online{HEVCTestvideo,
	author = {Jens-Rainer Ohm and Gary Sullivan, MPEG},
	title = {MPEG-H,Moving Picture Experts Group },
	year = 2011,
	note = "\url{https://mpeg.chiariglione.org/standards/mpeg-h/high-efficiency-video-coding/}",

}

@online{LIVE_DB,
	title = {{LIVE Laboratory for Image and Video Engineering}, The University of Texas at Austin},
	note = "\url{https://live.ece.utexas.edu/research/Quality/live_video.html}",
}


@article{LlamocaIJRC,
	author = {Llamocca, Daniel and Pattichis, Marios and Vera, G. Alonzo},
	title = {Partial Reconfigurable Fir Filtering System Using Distributed Arithmetic},
	journal = {Int. J. Reconfig. Comput.},
	issue_date = {January 2010},
	volume = {2010},
	year = {2010},
	issn = {1687-7195},
	pages = {4:1--4:14},
	articleno = {4},
	numpages = {14},
	url = {http://dx.doi.org/10.1155/2010/357978},
	doi = {10.1155/2010/357978},
	acmid = {1972687},
	publisher = {Hindawi Publishing Corp.},
	address = {New York, NY, United States},
}



@ARTICLE{Chikkerur2011,
author={Chikkerur, S. and Sundaram, V. and Reisslein, M. and Karam, L.J.},
journal={IEEE Transactions on Broadcasting},
title={Objective Video Quality Assessment Methods: A Classification, Review, and Performance Comparison},
year={2011},
volume={57},
number={2},
pages={165-182},
doi={10.1109/TBC.2011.2104671},
ISSN={0018-9316},
month={June},

}

@INPROCEEDINGS{Chao2013,
  author={Chao Chen and Lark Kwon Choi and de Veciana, G. and Caramanis, C. and Heath, R.W. and Bovik, A.C.},
  booktitle={2013 IEEE International Conference on Acoustics, Speech and Signal Processing (ICASSP)},
  title={A dynamic system model of time-varying subjective quality of video streams over HTTP},
  year={2013},
  pages={3602-3606},
  doi={10.1109/ICASSP.2013.6638329},
  ISSN={1520-6149},
  month={May},

  }

@ARTICLE{Chao2014IEEE,
  author={Chao Chen and Lark Kwon Choi and de Veciana, G. and Caramanis, C. and Heath, R.W. and Bovik, A.C.},
  journal={IEEE Transactions on Image Processing},
  title={Modeling the Time Varying Subjective Quality of HTTP Video Streams With Rate Adaptations},
  year={2014},
  volume={23},
  number={5},
  pages={2206-2221},
  doi={10.1109/TIP.2014.2312613},
  ISSN={1057-7149},
  month={May},

  }

  @INPROCEEDINGS{Chen2010,
  author={M. {Chen} and A. C. {Bovik}},
  booktitle={2010 IEEE International Conference on Acoustics, Speech and Signal Processing},
  title={Fast structural similarity index algorithm},
  year={2010},
  pages={994-997},}

  @article{Panayides2015,
  	author={Panayides, A. and Pattichis, M. and Loizou, C. and Pantziaris, M. and Constantinides, A. and Pattichis, C.},
  	journal={IEEE Journal of Biomedical and Health Informatics},
  	title={An Effective Ultrasound Video Communication System Using Despeckle Filtering and HEVC},
  	year={2015},
  	month={March},
  	volume={19},
  	number={2},
  	pages={668-676},
    pdf={http://ece.unm.edu/ivpcl/Publications/JOURNALS/2015/An%20Effective%20Ultrasound%20Video%20Communication%20System%20Using%20Despeckle%20Filtering%20and%20HEVC.pdf},
  	doi={10.1109/JBHI.2014.2329572},
  	ISSN={2168-2194},

    }

@ARTICLE{ZWang2004,
author={ {Zhou Wang} and A. C. {Bovik} and H. R. {Sheikh} and E. P. {Simoncelli}},
journal={IEEE Transactions on Image Processing},
title={Image quality assessment: from error visibility to structural similarity},
year={2004},
volume={13},
number={4},
pages={600-612},
}



  @ARTICLE{Sheikh2006,
    author={H. R. {Sheikh} and A. C. {Bovik}},
    journal={IEEE Transactions on Image Processing},
    title={Image information and visual quality},
    year={2006},
    volume={15},
    number={2},
    pages={430-444},
    }

  @INPROCEEDINGS{Antoniou2015,
  title={Adaptive Emergency Scenery Video Communications using HEVC for
  	  Responsive Decision Support in Disaster Incidents},
  author={Antoniou, Z. and Panayides, A.S. and Pattichis, M.S.},
  booktitle={37th Annual International Conference of the IEEE
  	      Engineering in Medicine and Biology Society (EMBC)},
  pages = {173-176},
  year  = {2015},

  }

  @INPROCEEDINGS{Panayides2014,
  author={Panayides, A. and Constantinides, A. and Pattichis, M. and Kyriacou, E. and Pattichis, C.},
  booktitle={EAI 4th International Conference on Wireless Mobile Communication and Healthcare (Mobihealth)},
  title={Adaptive real-time HEVC encoding of emergency scenery video},
  year={2014},
  month={Nov},
  pages={217-217},

  }

  @ARTICLE{Moorthy2012,
  author={Moorthy, A.K. and Lark Kwon Choi and Bovik, A.C. and de Veciana, G.},
  journal={IEEE Journal of Selected Topics in Signal Processing},
  title={Video Quality Assessment on Mobile Devices: Subjective, Behavioral and Objective Studies},
  year={2012},
  volume={6},
  number={6},
  pages={652-671},
  doi={10.1109/JSTSP.2012.2212417},
  ISSN={1932-4553},
  month={Oct},
  }


  @ARTICLE{Tan2016,
  author={Tan, T.K. and Weerakkody, R. and Mrak, M. and Ramzan, N. and Baroncini, V. and Ohm, J. and Sullivan, G.J.},
  journal={IEEE Transaction on Circuits and Systems for Video Technology},
  title={Video Quality Evaluation Methodology and Verification Testing of HEVC Compression Performance},
  year={2016},
  volume={26},
  number={1},
  pages={76-90},
  doi={10.1109/TCSVT.2015.2477916},
  ISSN={1051-8215},
  month={Jan},
  }

@ARTICLE{Panayides2011,
  author={A. {Panayides} and M. S. {Pattichis} and C. S. {Pattichis} and C. P. {Loizou} and M. {Pantziaris} and A. {Pitsillides}},
  journal={IEEE Transactions on Information Technology in Biomedicine},
  title={Atherosclerotic Plaque Ultrasound Video Encoding, Wireless Transmission, and Quality Assessment Using H.264},
  year={2011},  volume={15},  number={3},  pages={387-397},
  }

@ARTICLE{Zinonas2018,
  author={Z. C. {Antoniou} and A. S. {Panayides} and M. {Pantzaris} and A. G. {Constantinides} and C. S. {Pattichis} and M. S. {Pattichis}},
  journal={IEEE Journal of Biomedical and Health Informatics},
  title={Real-Time Adaptation to Time-Varying Constraints for Medical Video Communications},
  year={2018},  volume={22},  number={4},  pages={1177-1188},
  }

@ARTICLE{Panayides2015,
author={A. S. {Panayides} and M. S. {Pattichis} and C. P. {Loizou} and M. {Pantziaris} and A. G. {Constantinides} and C. S. {Pattichis}},
journal={IEEE Journal of Biomedical and Health Informatics},
title={An Effective Ultrasound Video Communication System Using Despeckle Filtering and HEVC},
year={2015},  volume={19},  number={2},  pages={668-676},
}

@INPROCEEDINGS{Chao2014ICIP,
  author={C. {Chen} and X. {Zhu} and G. {de Veciana} and A. C. {Bovik} and R. W. {Heath}},
  booktitle={2014 IEEE International Conference on Image Processing (ICIP)},
  title={Adaptive video transmission with subjective quality constraints},
  year={2014},
  pages={2477-2481},
}

@article{LlamocaACM,
	author = {Llamocca, Daniel and Pattichis, Marios},
	title = {Dynamic Energy, Performance, and Accuracy Optimization and Management Using Automatically Generated Constraints for Separable 2D FIR Filtering for Digital Video Processing},
	journal = {ACM Trans. Reconfigurable Technol. Syst.},
	issue_date = {December 2014},
	volume = {7},
	number = {4},
	month = dec,
	year = {2014},
	issn = {1936-7406},
	pages = {4:1--4:30},
	articleno = {4},
	numpages = {30},
	url = {http://doi.acm.org/10.1145/2629623},
	doi = {10.1145/2629623},
	acmid = {2629623},
	publisher = {ACM},
	address = {New York, NY, USA},
	keywords = {2D separable FIR filtering, Dynamic partial reconfiguration, FPGA},
}

@article{Jiang2014,
	year={2014},
	issn={1861-8200},
	journal={Journal of Real-Time Image Processing},
	doi={10.1007/s11554-014-0460-8},
	title={A dynamically reconfigurable architecture system for time-varying image constraints (DRASTIC) for motion JPEG},
	url={http://dx.doi.org/10.1007/s11554-014-0460-8},
	publisher={Springer Berlin Heidelberg},
	keywords={MJPEG; FPGA; DCT; Zonal; Finite word length; Dynamic partial reconfiguration; Dynamically reconfigurable computing},
	author={Jiang, Yuebing and Pattichis, Marios S.},
	pages={1-17},
	language={English}
}

@BOOK {Alfred1967,
    author    = "Alfred L. Yarbus",
    title     = "Eye Movement and Vision",
    publisher = "Plenum Press",
    year      = "1967"
}

@BOOK {Michael2014,
    author    = "Michael F. Land",
    title     = "The Eye, A Very Short Introduction",
    publisher = "Oxford University Press",
    year      = "2014"
}
